@book{flow,
 key =          "7",
 author = "Beauchemin , S. S. and Barron  J. L.",
 title =        "The computation of optical flow",
 publisher =	 "ACM New York, USA",
 year = "1995"

}
@inproceedings{luc,
key =          "8",
 author = "Lucas, B. D.  and Kanade, T.",
 title =        "An iterative image registration technique with an application to stereo vision",
 booktitle = "Proceedings of Imaging Understanding Workshop", 
 year = "1981",
 pages = "121 -- 130 "
}

@book{bjork,
key =          "28",
author = "A. Björck",
title = "Numerical Methods for Least Squares Problems",
publisher = "SIAM",
 year = "1996"
}
